@Misc{bib:wikianalysis,
  author =    {Shitohichi},
  title =     {{http://shitohichiumaya.blogspot.de/}}
}

